@web_page{NIVISA,
	title = {NI-VISA Overview - NI},
	url = {https://www.ni.com/en/support/documentation/supplemental/06/ni-visa-overview.html},
}

@web_page{Keysight,
	title = {Agilent Technologies / Keysight Technologies 34970A Data Acquisition Unit - Instrument Driver - National Instruments},
	url = {http://sine.ni.com/apps/utf8/niid_web_display.model_page?p_model_id=5547},
}
